<record xmlns='http://www.loc.gov/MARC21/slim'><leader>01198cim a22003252u 4500</leader><controlfield tag='001'>3601647</controlfield><controlfield tag='005'>20151214182915.0</controlfield><controlfield tag='007'>ss|lmnjluz|nuu</controlfield><controlfield tag='008'>991101s1983    nyunnn         l    eng d</controlfield><datafield ind1=' ' ind2=' ' tag='035'><subfield code='a'>(NIC)notisASF8712</subfield></datafield><datafield ind1=' ' ind2=' ' tag='035'><subfield code='a'>3601647</subfield></datafield><datafield ind1=' ' ind2=' ' tag='035'><subfield code='a'>(OCoLC)63897964</subfield></datafield><datafield ind1=' ' ind2=' ' tag='040'><subfield code='a'>NIC</subfield><subfield code='c'>NIC</subfield><subfield code='d'>NIC</subfield></datafield><datafield ind1='1' ind2=' ' tag='100'><subfield code='a'>Friman, Alice R.</subfield></datafield><datafield ind1='1' ind2='0' tag='245'><subfield code='a'>Alice R. Friman reads her own poetry</subfield><subfield code='h'>[sound recording]</subfield></datafield><datafield ind1=' ' ind2=' ' tag='260'><subfield code='c'>1983.</subfield></datafield><datafield ind1=' ' ind2=' ' tag='300'><subfield code='a'>1 sound cassette (60 min.) :</subfield><subfield code='b'>analog, mono.</subfield></datafield><datafield ind1=' ' ind2=' ' tag='500'><subfield code='a'>Recorded in Ithaca, NY by Cornell University.</subfield></datafield><datafield ind1=' ' ind2=' ' tag='500'><subfield code='a'>Sponsored by: English, Department of.</subfield></datafield><datafield ind1=' ' ind2=' ' tag='518'><subfield code='a'>Reading, February 17, 1983.</subfield></datafield><datafield ind1=' ' ind2=' ' tag='520'><subfield code='a'>Friman reads three poems which deal with different aspects of the life of King Midas, the man who was given the &quot;golden touch&quot;.</subfield></datafield><datafield ind1=' ' ind2='0' tag='650'><subfield code='a'>Poetry</subfield><subfield code='x'>Themes, motives.</subfield></datafield><datafield ind1=' ' ind2='0' tag='650'><subfield code='a'>Mythology, Classical.</subfield></datafield><datafield ind1=' ' ind2='0' tag='650'><subfield code='a'> Midas (Legendary character)</subfield></datafield><datafield ind1=' ' ind2='7' tag='650'><subfield code='a'>Midas (Legendary character)</subfield><subfield code='2'>fast</subfield><subfield code='0'>(OCoLC)fst01020296</subfield></datafield><datafield ind1=' ' ind2='7' tag='650'><subfield code='a'>Mythology, Classical</subfield><subfield code='2'>fast</subfield><subfield code='0'>(OCoLC)fst01031758</subfield></datafield><datafield ind1=' ' ind2='7' tag='650'><subfield code='a'>Poetry</subfield><subfield code='x'>Themes, motives</subfield><subfield code='2'>fast</subfield><subfield code='0'>(OCoLC)fst01067743</subfield></datafield><datafield ind1='1' ind2=' ' tag='899'><subfield code='a'>CULectures</subfield></datafield><datafield ind1=' ' ind2=' ' tag='905'><subfield code='a'>20000330120000.0</subfield></datafield><datafield ind1='2' ind2=' ' tag='948'><subfield code='a'>20141221</subfield><subfield code='b'>m</subfield><subfield code='d'>batch</subfield><subfield code='e'>lts</subfield><subfield code='x'>addfast</subfield></datafield></record>